@Misc{zanotti,
  author =       {Jean-Pierre Zanotti},
  title =        {Tris Empiriques},
  howpublished = {https://zanotti.univ-tln.fr/ALGO/II/TrisEmpiriques.html},
}

