@article{El03,
  author       = {Loughran, Ellen},
  title        = {Tentative {B}eginnings:{M}ontaigne {R}ewrites {H}is {E}arly {E}ssays},
  journaltitle = {Neophilologus},
  date         = {2003},
  volume       = {87},
  number       = {3},
  pages        = {371383}
}
@book{lcfr,
  author    = {Mittelbach, Frank and Goossens, Michel},
  title     = {\LaTeX{}{C}ompanion},
  publisher = {Pearson Education France},
  date      = {200602},
  location  = {Paris},
  pagetotal = {1116},
  edition   = {2}
}
@manual{Leh,
  title    = {The \texttt{biblatex} package},
  subtitle = {Programmable bibliographies and citations},
  author   = {Lehman, Philipp},
  version  = {1.7},
  date     = {20111113},
  url      = {http://tug.ctan.org/pkg/biblatex}
}